#la biblia
@book{power_conv_00,
  author    = {Bin Wu},
  title     = {High-Power Converters and AC Drives},
  pages     = {155-161},
  year      = {2006},
  publisher = {Wiley-IEEE Press},
  edition   = {1},
  pages     = {310-314},
  address   = {Hoboken, NJ},
  isbn      = {978-0471731719},
  url       = {https://ieeexplore.ieee.org/servlet/opac?bknumber=5237895}
}

#microchip encoder FOC
@manual{AN2757,
  title  = {Sensored (Encoder-Based) Field Oriented Control of a Three Phase Permanent Magnet Synchronous Motor (PMSM)},
  author = {{Microchip Technology Inc.}},
  year   = {2018},
  month  = {4},
  note   = {AN2757},
  url    = {https://www.microchip.com/en-us/application-notes/an2757}
}

#microchip sensorless FOC
@manual{AN1078,
  title  = {Sensorless Field Oriented Control of a PMSM using a Sliding Mode Observer (SMO)},
  author = {Jorge Zambada and Debraj Deb},
  year   = {2015},
  month  = {6},
  day    = {24},
  note   = {AN1078},
  url    = {https://www.microchip.com/en-us/application-notes/an1078}
}


#SVM de Odrive
@misc{odrive_SVM,
  author       = {Oskar Weigl},
  title        = {ODrive Firmware},
  howpublished = {\url{https://github.com/odriverobotics/ODrive/blob/fw-v0.5.6/Firmware/MotorControl/utils.cpp}},
  note         = {Función SVM, líneas 10-123, TAG:fw-v0.5.6}
}

#Simple FOC
@article{Skuric_SimpleFOC_A_Field_2022,
  author  = {Skuric, Antun and Bank, Hasan Sinan and Unger, Richard and Williams, Owen and González-Reyes, David},
  doi     = {10.21105/joss.04232},
  journal = {Journal of Open Source Software},
  month   = jun,
  number  = {74},
  pages   = {4232},
  title   = {{SimpleFOC: A Field Oriented Control (FOC) Library for Controlling Brushless Direct Current (BLDC) and Stepper Motors}},
  url     = {https://doi.org/10.21105/joss.04232},
  volume  = {7},
  year    = {2022}
}

#referencias DTC
@inproceedings{Bida2018,
  author    = {Vladislav M. Bida and Dmitry V. Samokhvalov and Fuad Sh. Al-Mahturi},
  title     = {{PMSM Vector Control Techniques — A Survey}},
  booktitle = {2018 IEEE Conference of Russian Young Researchers in Electrical and Electronic Engineering (EIConRus)},
  location  = {Moscow and St. Petersburg, Russia},
  pages     = {1-4},
  year      = {2018},
  doi       = {10.1109/EIConRus.2018.8317164},
  publisher = {IEEE}
}

@thesis{fisher2014high_DTC,
  title       = {High Performance Brushless DC Motor Control},
  author      = {Fisher, Patrick},
  school      = {CQUniversity Australia},
  year        = {2014},
  month       = May,
  pages       = {5-8},
  type        = {Bachelor of Engineering Thesis},
  note        = {Final year research project report submitted in partial fulfillment of the coursework requirements for the degree of Bachelor of Engineering},
  institution = {School of Engineering \& Technology, CQUniversity Australia},
  url         = {https://www.ti.com/lit/an/sprt703/sprt703.pdf}
}

#referencia esquema de las transformadas en FOC
@article{frick2018bldc,
  author    = {Charles Frick},
  title     = {Brushless DC Motors Introduction for Next-Generation Missile Actuation Systems Outline},
  journal   = {Analog Devices},
  year      = {2018},
  month     = {October},
  url       = {https://www.analog.com/en/resources/technical-articles/brushless-dc-motors-introduction-for-next-generation-missile-actuation-systems-outline.html},
  publisher = {Analog Devices, Inc.}
}

@article{Garca2011ComparisonBF,
  title={Comparison between FOC and DTC Strategies for Permanent Magnet Synchronous Motors},
  author={Xavier del Toro Garc{\'i}a and Branislav Zigmund and Angela A. Terlizzi and Rastislav Pavlanin and Ligui Salvatore},
  journal={Advances in Electrical and Electronic Engineering},
  year={2011},
  volume={5},
  pages={76-81},
  url={https://api.semanticscholar.org/CorpusID:55185286}
}

#Referencias trapezoidal

#referencia a la secuencia de arranque
@thesis{Gualtieri2018_STEP,
  author      = {Matias Gualtieri Lara},
  title       = {Sensorless Brushless DC Motors. Development and comparison of different fault tolerant control algorithms},
  year        = 2018,
  month       = mar,
  pages       = {26-28},
  school      = {Politecnico di Torino},
  type        = {Tesi di Laurea Magistrale},
  address     = {Corso di laurea magistrale in Ingegneria Aerospaziale},
  note        = {Relatore: Prof. Paolo Maggiore},
  institution = {Politecnico di Torino},
  url         = {http://webthesis.biblio.polito.it/id/eprint/6891}
}

#referencia polarizacion de las fases
@thesis{fisher2014high_STEP,
  title       = {High Performance Brushless DC Motor Control},
  author      = {Fisher, Patrick},
  school      = {CQUniversity Australia},
  year        = {2014},
  month       = May,
  pages       = {14},
  type        = {Bachelor of Engineering Thesis},
  note        = {Final year research project report submitted in partial fulfillment of the coursework requirements for the degree of Bachelor of Engineering},
  institution = {School of Engineering \& Technology, CQUniversity Australia},
  url         = {https://www.ti.com/lit/an/sprt703/sprt703.pdf}
}



%referencia baja presicion y alto ripple del control trapezoidal
@misc{juanpere_tecnicas,
  title        = {{Técnicas de control para motores Brushless: Comparativa entre conmutación Trapezoidal, conmutación Sinusoidal y Control Vectorial}},
  author       = {Roger Juanpere Tolrà},
  organization = {ingenia-cat - Motion Control Department},
  address      = {C./Llacuna 162, Barcelona - Spain},
  url          = {https://www.motronic.es/upfiles/taller_img/files/mantenimiento-y-reparacion-de-servomotores-es_2595.pdf}
}

#referencia deteccion de BEMF
@mastersthesis{shao2003direct_STEP,
  title    = {{Direct Back EMF Detection Method for Sensorless Brushless DC (BLDC) Motor Drives}},
  author   = {Shao, Jianwen},
  school   = {Virginia Polytechnic Institute and State University},
  year     = {2003},
  pages    = {11-16},
  address  = {Blacksburg, Virginia},
  month    = September,
  keywords = {Sensorless BLDC drive, direct back EMF sensing, start-up},
  url      = {http://educypedia.karadimov.info/library/T.pdf}
}

